<record><leader>00000cas a22000007a 4500</leader><controlfield tag="001">13201800</controlfield><controlfield tag="008">860226d19131956wvuwr ne      0    0eng d</controlfield><datafield ind1=" " ind2=" " tag="010"><subfield code="a">sn 86092283 </subfield></datafield><datafield ind1=" " ind2=" " tag="040"><subfield code="a">WVC</subfield><subfield code="b">eng</subfield><subfield code="c">WVC</subfield><subfield code="d">OCL</subfield><subfield code="d">OCLCQ</subfield></datafield><datafield ind1=" " ind2=" " tag="042"><subfield code="a">msc</subfield></datafield><datafield ind1="0" ind2="0" tag="245"><subfield code="a">Randolph review.</subfield></datafield><datafield ind1=" " ind2=" " tag="260"><subfield code="a">Elkins, W. Va. :</subfield><subfield code="b">James W. Weir,</subfield><subfield code="c">-1956.</subfield></datafield><datafield ind1=" " ind2=" " tag="300"><subfield code="a">v.</subfield></datafield><datafield ind1=" " ind2=" " tag="310"><subfield code="a">Weekly</subfield></datafield><datafield ind1="1" ind2=" " tag="362"><subfield code="a">Began in June, 1913.</subfield></datafield><datafield ind1="0" ind2=" " tag="362"><subfield code="a">-v. 43, no. 46 (Apr. 26, 1956).</subfield></datafield><datafield ind1=" " ind2=" " tag="588"><subfield code="a">Description based on: Vol. 1, no. 3 (June 26, 1913).</subfield></datafield><datafield ind1=" " ind2=" " tag="752"><subfield code="a">United States</subfield><subfield code="b">West Virginia</subfield><subfield code="c">Randolph</subfield><subfield code="d">Elkins.</subfield></datafield><datafield ind1="0" ind2="7" tag="785"><subfield code="t">Randolph enterprise (Beverly, W. Wa.)</subfield><subfield code="w">(DLC)sn 86092282</subfield></datafield><datafield ind1="0" ind2="7" tag="785"><subfield code="t">Randolph enterprise-review</subfield><subfield code="w">(DLC)sn 86092284</subfield></datafield><datafield ind1="1" ind2=" " tag="029"><subfield code="a">AU@</subfield><subfield code="b">000023411190</subfield></datafield></record>